@article{Denman_1999,
	title = {A coupled 1-D biological/physical model of the northeast subarctic Pacific Ocean with iron limitation},
	journal = {Deep Sea Research Part II: Topical Studies in Oceanography},
	volume = {46},
	number = {11},
	pages = {2877 - 2908},
	year = {1999},
	doi = {https://doi.org/10.1016/S0967-0645(99)00087-9},
	author = {K.L. Denman and M.A. Pena}
}
@article{Palevsky_2018,
	author = {Palevsky, Hilary I. and Doney, Scott C.},
	doi = {10.1029/2017GL076498},
	journal = {Geophysical Research Letters},
	number = {9},
	pages = {4171--4179},
	title = {{How Choice of Depth Horizon Influences the Estimated Spatial Patterns and Global Magnitude of Ocean Carbon Export Flux}},
	volume = {45},
	year = {2018}}

@article{Kostadinov_2009,
	author = {Kostadinov, T. S. and Siegel, D. A. and Maritorena, S.},
	doi = {10.1029/2009JC005303},
	journal = {Journal of Geophysical Research},
	number = {C9},
	pages = {C09015},
	title = {{Retrieval of the particle size distribution from satellite ocean color observations}},
	volume = {114},
	year = {2009}
}
